@inproceedings{chen2022perspective,
  title={Perspective Phase Angle Model for Polarimetric 3D Reconstruction},
  author={Chen, Guangcheng and He, Li and Guan, Yisheng and Zhang, Hong},
  booktitle={European Conference on Computer Vision},
  pages={398--414},
  year={2022},
  organization={Springer}
}
